@misc{b1,
    author = {Daniella Genovese},
    title = {Nearly 50\% of voters said deepfakes had some influence on election decision: survey},
    publisher = {Fox Business},
    year = {2024},
    month = {October},
    day = {30},
    howpublished = {\url{https://www.foxbusiness.com/politics/nearly-50-voters-said-deepfakes-had-some-influence-election-decision}},
    note = {Accessed: 2024-12-03}
}
@misc{b2,
    author = {Devin Dwyer, Sarah Herndon},
    title = {AI deepfakes a top concern for election officials as voting gets underway},
    publisher = {ABC News},
    year = {2024},
    month = {October},
    day = {18},
    howpublished = {\url{https://abcnews.go.com/Politics/ai-deepfakes-top-concern-election-officials-voting-underway/story?id=114202574}},
    note = {Accessed: 2024-12-03}
}
@misc{b3,
    author = {Hyung-Jin Kim},
    title = {In South Korea, rise of explicit deepfakes wrecks women’s lives and deepens gender divide},
    publisher = {PBS},
    year = {2024},
    month = {October},
    day = {3},
    howpublished = {\url{https://www.pbs.org/newshour/world/in-south-korea-rise-of-explicit-deepfakes-wrecks-womens-lives-and-deepens-gender-divide}},
    note = {Accessed: 2024-12-03}
}
@misc{b4,
    author = {Adam Zaki},
    title = {92 percent of companies have experienced financial loss due to a deepfake},
    publisher = {CFO},
    year = {2024},
    month = {November},
    day = {6},
    howpublished = {\url{https://www.cfo.com/news/most-companies-have-experienced-financial-loss-due-to-a-deepfake-regula-report/732094/?utm_campaign=Yahoo-Licensed-Content&utm_source=yahoo&utm_medium=referral}},
    note = {Accessed: 2024-12-03}
}
@misc{b5,
    author = {Judge Herbert B. Dixon Jr.},
    title = {The “Deepfake Defense”: An Evidentiary Conundrum},
    publisher = {American Bar Association},
    year = {2024},
    month = {June},
    day = {11},
    howpublished = {\url{https://www.americanbar.org/groups/judicial/publications/judges_journal/2024/spring/deepfake-defense-evidentiary-conundrum/}},
    note = {Accessed: 2024-12-03}
}
@INPROCEEDINGS{5709752,
  author={Hossan, Md. Afzal and Memon, Sheeraz and Gregory, Mark A},
  booktitle={2010 4th International Conference on Signal Processing and Communication Systems}, 
  title={A novel approach for MFCC feature extraction}, 
  year={2010},
  volume={},
  number={},
  pages={1-5},
  keywords={Mel frequency cepstral coefficient;Speech;Feature extraction;Filter bank;Discrete cosine transforms;Speaker recognition;Speech Feature Extraction;Mel Frequency Cepstral Coefficients (MFCC);Discrete Cosine Transform (DCT-II);Delta MFCC (DMFCC);Delta-Delta MFCC (DDMFCC);Gaussian Mixture Model (GMM)},
  doi={10.1109/ICSPCS.2010.5709752}
}
@ARTICLE{9996362,
  author={Hamza, Ameer and Javed, Abdul Rehman Rehman and Iqbal, Farkhund and Kryvinska, Natalia and Almadhor, Ahmad S. and Jalil, Zunera and Borghol, Rouba},
  journal={IEEE Access}, 
  title={Deepfake Audio Detection via MFCC Features Using Machine Learning}, 
  year={2022},
  volume={10},
  number={},
  pages={134018-134028},
  keywords={Deepfakes;Deep learning;Speech synthesis;Training data;Feature extraction;Machine learning algorithms;Data models;Acoustics;Deepfakes;deepfake audio;synthetic audio;machine learning;acoustic data},
  doi={10.1109/ACCESS.2022.3231480}
}
@ARTICLE{9252126,
  author={Tran, Thanh and Lundgren, Jan},
  journal={IEEE Access}, 
  title={Drill Fault Diagnosis Based on the Scalogram and Mel Spectrogram of Sound Signals Using Artificial Intelligence}, 
  year={2020},
  volume={8},
  number={},
  pages={203655-203666},
  keywords={Fault diagnosis;Deep learning;Fault detection;Image representation;Drilling machines;Feature extraction;Spectrogram;Deep learning;machine fault diagnosis;machine learning;sound signal processing},
  doi={10.1109/ACCESS.2020.3036769}
}
